@ONLINE {ehlers,
    author = "Ehlers, R.S.",
    title  = "Análise de Séries Temporais",
    year   = "2009",
    url    = "http://www.icmc.usp.br/ ehlers/stemp/stemp.pdf."
}
@article{tyrpakovadeep,
    title={Deep Neural Networks for Sales Forecasting},
    year=2016,
    author={Tyrp{\'a}kov{\'a}, Nat{\'a}lia}
}

@inproceedings{pomerleau93,
  title={Alvinn: An autonomous land vehicle in a neural network},
  author={Pomerleau, Dean A},
  booktitle={Advances in neural information processing systems},
  pages={305--313},
  year={1989}
}

@article{zhang,
  title={Forecasting with artificial neural networks:: The state of the art},
  author={Zhang, Guoqiang and Patuwo, B Eddy and Hu, Michael Y},
  journal={International journal of forecasting},
  volume={14},
  number={1},
  pages={35--62},
  year={1998},
  publisher={Elsevier}
}

@article{russell1995modern,
  title={A modern approach},
  author={Russell, Stuart and Norvig, Peter and Intelligence, Artificial},
  journal={Artificial Intelligence. Prentice-Hall, Egnlewood Cliffs},
  volume={25},
  pages={27},
  year={1995}
}

@book{haykin2009,
  title={Neural networks and learning machines},
  author={Haykin, Simon S and Haykin, Simon S and Haykin, Simon S and Haykin, Simon S},
  volume={3},
  year={2009},
  publisher={Pearson Upper Saddle River, NJ, USA:}
}

@book{Goodfellow-et-al-2016,
    title={Deep Learning},
    author={Ian Goodfellow and Yoshua Bengio and Aaron Courville},
    publisher={MIT Press},
    note={\url{http://www.deeplearningbook.org}},
    year={2016}
}

@book{morettin2006analise,
  title={An{\'a}lise de s{\'e}ries temporais},
  author={Morettin, Pedro A and Toloi, Cl{\'e}lia},
  year={2006},
  publisher={Blucher}
}

@article{giebel2011state,
  title={The state-of-the-art in short-term prediction of wind power: A literature overview},
  author={Giebel, Gregor and Brownsword, Richard and Kariniotakis, George and Denhard, Michael and Draxl, Caroline},
  journal={ANEMOS. plus},
  year={2011}
}

@book{wiley,
  title={Introduction to Time Series Analysis and Forecasting},
  author={Montgomery, D.C. and Jennings, C.L. and Kulahci, M.},
  isbn={9781118211502},
  series={Wiley Series in Probability and Statistics},
  url={https://books.google.com.br/books?id=-qaFi0oOPAYC},
  year={2011},
  publisher={Wiley}
}

@ARTICLE {co2data,
    author  = "C. D. Keeling and S. C. Piper and R. B. Bacastow and M. Wahlen and T. P. Whorf and M. Heimann and H. A. Meijer",
    title   = "Exchanges of atmospheric CO2 and 13CO2 with the terrestrial biosphere and oceans from 1978 to 2000. I. Global aspects",
    journal = "SIO Reference Series",
    year    = "2001",
    volume  = "No. 01-06",
    pages   = "88"
}

@book{box,
  title={Time series analysis: forecasting and control},
  author={Box, George EP and Jenkins, Gwilym M and Reinsel, Gregory C and Ljung, Greta M},
  year={2015},
  publisher={John Wiley \& Sons}
}
